%YAML 1.1
%TAG !u! tag:unity3d.com,2011:
--- !u!1 &4016137437831084888
GameObject:
  m_ObjectHideFlags: 0
  m_CorrespondingSourceObject: {fileID: 0}
  m_PrefabInstance: {fileID: 0}
  m_PrefabAsset: {fileID: 0}
  serializedVersion: 6
  m_Component:
  - component: {fileID: 4016137437831084894}
  - component: {fileID: 4016137437831084889}
  m_Layer: 0
  m_Name: Path_Lv2_Lane2
  m_TagString: Path
  m_Icon: {fileID: 2800000, guid: 8f56d994b6d39c84c9869b7f64438f52, type: 3}
  m_NavMeshLayer: 0
  m_StaticEditorFlags: 4294967295
  m_IsActive: 1
--- !u!4 &4016137437831084894
Transform:
  m_ObjectHideFlags: 0
  m_CorrespondingSourceObject: {fileID: 0}
  m_PrefabInstance: {fileID: 0}
  m_PrefabAsset: {fileID: 0}
  m_GameObject: {fileID: 4016137437831084888}
  m_LocalRotation: {x: 0, y: 0, z: 0, w: 1}
  m_LocalPosition: {x: 61.82, y: 17.13, z: 78.84}
  m_LocalScale: {x: 1, y: 1, z: 1}
  m_Children:
  - {fileID: 4678534297901670667}
  - {fileID: 4678534297264162674}
  - {fileID: 4678534296142719039}
  - {fileID: 4678534296593405080}
  - {fileID: 4678534297133042556}
  - {fileID: 4678534296231930379}
  - {fileID: 4678534297138791742}
  - {fileID: 4678534296148768492}
  - {fileID: 4678534297377426885}
  - {fileID: 4678534296239583557}
  - {fileID: 4678534297119984086}
  - {fileID: 4678534297821349489}
  m_Father: {fileID: 0}
  m_RootOrder: 0
  m_LocalEulerAnglesHint: {x: 0, y: 0, z: 0}
--- !u!114 &4016137437831084889
MonoBehaviour:
  m_ObjectHideFlags: 0
  m_CorrespondingSourceObject: {fileID: 0}
  m_PrefabInstance: {fileID: 0}
  m_PrefabAsset: {fileID: 0}
  m_GameObject: {fileID: 4016137437831084888}
  m_Enabled: 1
  m_EditorHideFlags: 0
  m_Script: {fileID: 11500000, guid: a4592c2b7c49096469756c5343999043, type: 3}
  m_Name: 
  m_EditorClassIdentifier: 
--- !u!1001 &4016137437501776110
PrefabInstance:
  m_ObjectHideFlags: 0
  serializedVersion: 2
  m_Modification:
    m_TransformParent: {fileID: 4016137437831084894}
    m_Modifications:
    - target: {fileID: 5252878203054721940, guid: c468b6f9f4bad8649a46104684f548ce, type: 3}
      propertyPath: m_Name
      value: Waypoint (00)
      objectReference: {fileID: 0}
    - target: {fileID: 5252878203054721940, guid: c468b6f9f4bad8649a46104684f548ce, type: 3}
      propertyPath: m_StaticEditorFlags
      value: 4294967295
      objectReference: {fileID: 0}
    - target: {fileID: 8597742909059088869, guid: c468b6f9f4bad8649a46104684f548ce, type: 3}
      propertyPath: m_RootOrder
      value: 0
      objectReference: {fileID: 0}
    - target: {fileID: 8597742909059088869, guid: c468b6f9f4bad8649a46104684f548ce, type: 3}
      propertyPath: m_LocalPosition.x
      value: -13.3
      objectReference: {fileID: 0}
    - target: {fileID: 8597742909059088869, guid: c468b6f9f4bad8649a46104684f548ce, type: 3}
      propertyPath: m_LocalPosition.y
      value: -9.4
      objectReference: {fileID: 0}
    - target: {fileID: 8597742909059088869, guid: c468b6f9f4bad8649a46104684f548ce, type: 3}
      propertyPath: m_LocalPosition.z
      value: -55.1
      objectReference: {fileID: 0}
    - target: {fileID: 8597742909059088869, guid: c468b6f9f4bad8649a46104684f548ce, type: 3}
      propertyPath: m_LocalRotation.w
      value: 1
      objectReference: {fileID: 0}
    - target: {fileID: 8597742909059088869, guid: c468b6f9f4bad8649a46104684f548ce, type: 3}
      propertyPath: m_LocalRotation.x
      value: 0
      objectReference: {fileID: 0}
    - target: {fileID: 8597742909059088869, guid: c468b6f9f4bad8649a46104684f548ce, type: 3}
      propertyPath: m_LocalRotation.y
      value: 0
      objectReference: {fileID: 0}
    - target: {fileID: 8597742909059088869, guid: c468b6f9f4bad8649a46104684f548ce, type: 3}
      propertyPath: m_LocalRotation.z
      value: 0
      objectReference: {fileID: 0}
    - target: {fileID: 8597742909059088869, guid: c468b6f9f4bad8649a46104684f548ce, type: 3}
      propertyPath: m_LocalEulerAnglesHint.x
      value: 0
      objectReference: {fileID: 0}
    - target: {fileID: 8597742909059088869, guid: c468b6f9f4bad8649a46104684f548ce, type: 3}
      propertyPath: m_LocalEulerAnglesHint.y
      value: 0
      objectReference: {fileID: 0}
    - target: {fileID: 8597742909059088869, guid: c468b6f9f4bad8649a46104684f548ce, type: 3}
      propertyPath: m_LocalEulerAnglesHint.z
      value: 0
      objectReference: {fileID: 0}
    m_RemovedComponents: []
  m_SourcePrefab: {fileID: 100100000, guid: c468b6f9f4bad8649a46104684f548ce, type: 3}
--- !u!4 &4678534297901670667 stripped
Transform:
  m_CorrespondingSourceObject: {fileID: 8597742909059088869, guid: c468b6f9f4bad8649a46104684f548ce, type: 3}
  m_PrefabInstance: {fileID: 4016137437501776110}
  m_PrefabAsset: {fileID: 0}
--- !u!1001 &4016137437570287508
PrefabInstance:
  m_ObjectHideFlags: 0
  serializedVersion: 2
  m_Modification:
    m_TransformParent: {fileID: 4016137437831084894}
    m_Modifications:
    - target: {fileID: 5252878203054721940, guid: c468b6f9f4bad8649a46104684f548ce, type: 3}
      propertyPath: m_Name
      value: Waypoint (11)
      objectReference: {fileID: 0}
    - target: {fileID: 5252878203054721940, guid: c468b6f9f4bad8649a46104684f548ce, type: 3}
      propertyPath: m_StaticEditorFlags
      value: 4294967295
      objectReference: {fileID: 0}
    - target: {fileID: 8597742909059088869, guid: c468b6f9f4bad8649a46104684f548ce, type: 3}
      propertyPath: m_RootOrder
      value: 11
      objectReference: {fileID: 0}
    - target: {fileID: 8597742909059088869, guid: c468b6f9f4bad8649a46104684f548ce, type: 3}
      propertyPath: m_LocalPosition.x
      value: -0.04
      objectReference: {fileID: 0}
    - target: {fileID: 8597742909059088869, guid: c468b6f9f4bad8649a46104684f548ce, type: 3}
      propertyPath: m_LocalPosition.y
      value: -9.4
      objectReference: {fileID: 0}
    - target: {fileID: 8597742909059088869, guid: c468b6f9f4bad8649a46104684f548ce, type: 3}
      propertyPath: m_LocalPosition.z
      value: 58.23
      objectReference: {fileID: 0}
    - target: {fileID: 8597742909059088869, guid: c468b6f9f4bad8649a46104684f548ce, type: 3}
      propertyPath: m_LocalRotation.w
      value: 1
      objectReference: {fileID: 0}
    - target: {fileID: 8597742909059088869, guid: c468b6f9f4bad8649a46104684f548ce, type: 3}
      propertyPath: m_LocalRotation.x
      value: 0
      objectReference: {fileID: 0}
    - target: {fileID: 8597742909059088869, guid: c468b6f9f4bad8649a46104684f548ce, type: 3}
      propertyPath: m_LocalRotation.y
      value: 0
      objectReference: {fileID: 0}
    - target: {fileID: 8597742909059088869, guid: c468b6f9f4bad8649a46104684f548ce, type: 3}
      propertyPath: m_LocalRotation.z
      value: 0
      objectReference: {fileID: 0}
    - target: {fileID: 8597742909059088869, guid: c468b6f9f4bad8649a46104684f548ce, type: 3}
      propertyPath: m_LocalEulerAnglesHint.x
      value: 0
      objectReference: {fileID: 0}
    - target: {fileID: 8597742909059088869, guid: c468b6f9f4bad8649a46104684f548ce, type: 3}
      propertyPath: m_LocalEulerAnglesHint.y
      value: 0
      objectReference: {fileID: 0}
    - target: {fileID: 8597742909059088869, guid: c468b6f9f4bad8649a46104684f548ce, type: 3}
      propertyPath: m_LocalEulerAnglesHint.z
      value: 0
      objectReference: {fileID: 0}
    m_RemovedComponents: []
  m_SourcePrefab: {fileID: 100100000, guid: c468b6f9f4bad8649a46104684f548ce, type: 3}
--- !u!4 &4678534297821349489 stripped
Transform:
  m_CorrespondingSourceObject: {fileID: 8597742909059088869, guid: c468b6f9f4bad8649a46104684f548ce, type: 3}
  m_PrefabInstance: {fileID: 4016137437570287508}
  m_PrefabAsset: {fileID: 0}
--- !u!1001 &4016137437916957728
PrefabInstance:
  m_ObjectHideFlags: 0
  serializedVersion: 2
  m_Modification:
    m_TransformParent: {fileID: 4016137437831084894}
    m_Modifications:
    - target: {fileID: 5252878203054721940, guid: c468b6f9f4bad8649a46104684f548ce, type: 3}
      propertyPath: m_Name
      value: Waypoint (08)
      objectReference: {fileID: 0}
    - target: {fileID: 5252878203054721940, guid: c468b6f9f4bad8649a46104684f548ce, type: 3}
      propertyPath: m_StaticEditorFlags
      value: 4294967295
      objectReference: {fileID: 0}
    - target: {fileID: 8597742909059088869, guid: c468b6f9f4bad8649a46104684f548ce, type: 3}
      propertyPath: m_RootOrder
      value: 8
      objectReference: {fileID: 0}
    - target: {fileID: 8597742909059088869, guid: c468b6f9f4bad8649a46104684f548ce, type: 3}
      propertyPath: m_LocalPosition.x
      value: -11.06
      objectReference: {fileID: 0}
    - target: {fileID: 8597742909059088869, guid: c468b6f9f4bad8649a46104684f548ce, type: 3}
      propertyPath: m_LocalPosition.y
      value: -9.4
      objectReference: {fileID: 0}
    - target: {fileID: 8597742909059088869, guid: c468b6f9f4bad8649a46104684f548ce, type: 3}
      propertyPath: m_LocalPosition.z
      value: 36.63
      objectReference: {fileID: 0}
    - target: {fileID: 8597742909059088869, guid: c468b6f9f4bad8649a46104684f548ce, type: 3}
      propertyPath: m_LocalRotation.w
      value: 1
      objectReference: {fileID: 0}
    - target: {fileID: 8597742909059088869, guid: c468b6f9f4bad8649a46104684f548ce, type: 3}
      propertyPath: m_LocalRotation.x
      value: 0
      objectReference: {fileID: 0}
    - target: {fileID: 8597742909059088869, guid: c468b6f9f4bad8649a46104684f548ce, type: 3}
      propertyPath: m_LocalRotation.y
      value: 0
      objectReference: {fileID: 0}
    - target: {fileID: 8597742909059088869, guid: c468b6f9f4bad8649a46104684f548ce, type: 3}
      propertyPath: m_LocalRotation.z
      value: 0
      objectReference: {fileID: 0}
    - target: {fileID: 8597742909059088869, guid: c468b6f9f4bad8649a46104684f548ce, type: 3}
      propertyPath: m_LocalEulerAnglesHint.x
      value: 0
      objectReference: {fileID: 0}
    - target: {fileID: 8597742909059088869, guid: c468b6f9f4bad8649a46104684f548ce, type: 3}
      propertyPath: m_LocalEulerAnglesHint.y
      value: 0
      objectReference: {fileID: 0}
    - target: {fileID: 8597742909059088869, guid: c468b6f9f4bad8649a46104684f548ce, type: 3}
      propertyPath: m_LocalEulerAnglesHint.z
      value: 0
      objectReference: {fileID: 0}
    m_RemovedComponents: []
  m_SourcePrefab: {fileID: 100100000, guid: c468b6f9f4bad8649a46104684f548ce, type: 3}
--- !u!4 &4678534297377426885 stripped
Transform:
  m_CorrespondingSourceObject: {fileID: 8597742909059088869, guid: c468b6f9f4bad8649a46104684f548ce, type: 3}
  m_PrefabInstance: {fileID: 4016137437916957728}
  m_PrefabAsset: {fileID: 0}
--- !u!1001 &4016137438072161943
PrefabInstance:
  m_ObjectHideFlags: 0
  serializedVersion: 2
  m_Modification:
    m_TransformParent: {fileID: 4016137437831084894}
    m_Modifications:
    - target: {fileID: 5252878203054721940, guid: c468b6f9f4bad8649a46104684f548ce, type: 3}
      propertyPath: m_Name
      value: Waypoint (01)
      objectReference: {fileID: 0}
    - target: {fileID: 5252878203054721940, guid: c468b6f9f4bad8649a46104684f548ce, type: 3}
      propertyPath: m_StaticEditorFlags
      value: 4294967295
      objectReference: {fileID: 0}
    - target: {fileID: 8597742909059088869, guid: c468b6f9f4bad8649a46104684f548ce, type: 3}
      propertyPath: m_RootOrder
      value: 1
      objectReference: {fileID: 0}
    - target: {fileID: 8597742909059088869, guid: c468b6f9f4bad8649a46104684f548ce, type: 3}
      propertyPath: m_LocalPosition.x
      value: -13.27
      objectReference: {fileID: 0}
    - target: {fileID: 8597742909059088869, guid: c468b6f9f4bad8649a46104684f548ce, type: 3}
      propertyPath: m_LocalPosition.y
      value: -9.4
      objectReference: {fileID: 0}
    - target: {fileID: 8597742909059088869, guid: c468b6f9f4bad8649a46104684f548ce, type: 3}
      propertyPath: m_LocalPosition.z
      value: -54.99
      objectReference: {fileID: 0}
    - target: {fileID: 8597742909059088869, guid: c468b6f9f4bad8649a46104684f548ce, type: 3}
      propertyPath: m_LocalRotation.w
      value: 1
      objectReference: {fileID: 0}
    - target: {fileID: 8597742909059088869, guid: c468b6f9f4bad8649a46104684f548ce, type: 3}
      propertyPath: m_LocalRotation.x
      value: 0
      objectReference: {fileID: 0}
    - target: {fileID: 8597742909059088869, guid: c468b6f9f4bad8649a46104684f548ce, type: 3}
      propertyPath: m_LocalRotation.y
      value: 0
      objectReference: {fileID: 0}
    - target: {fileID: 8597742909059088869, guid: c468b6f9f4bad8649a46104684f548ce, type: 3}
      propertyPath: m_LocalRotation.z
      value: 0
      objectReference: {fileID: 0}
    - target: {fileID: 8597742909059088869, guid: c468b6f9f4bad8649a46104684f548ce, type: 3}
      propertyPath: m_LocalEulerAnglesHint.x
      value: 0
      objectReference: {fileID: 0}
    - target: {fileID: 8597742909059088869, guid: c468b6f9f4bad8649a46104684f548ce, type: 3}
      propertyPath: m_LocalEulerAnglesHint.y
      value: 0
      objectReference: {fileID: 0}
    - target: {fileID: 8597742909059088869, guid: c468b6f9f4bad8649a46104684f548ce, type: 3}
      propertyPath: m_LocalEulerAnglesHint.z
      value: 0
      objectReference: {fileID: 0}
    m_RemovedComponents: []
  m_SourcePrefab: {fileID: 100100000, guid: c468b6f9f4bad8649a46104684f548ce, type: 3}
--- !u!4 &4678534297264162674 stripped
Transform:
  m_CorrespondingSourceObject: {fileID: 8597742909059088869, guid: c468b6f9f4bad8649a46104684f548ce, type: 3}
  m_PrefabInstance: {fileID: 4016137438072161943}
  m_PrefabAsset: {fileID: 0}
--- !u!1001 &4016137438212147251
PrefabInstance:
  m_ObjectHideFlags: 0
  serializedVersion: 2
  m_Modification:
    m_TransformParent: {fileID: 4016137437831084894}
    m_Modifications:
    - target: {fileID: 5252878203054721940, guid: c468b6f9f4bad8649a46104684f548ce, type: 3}
      propertyPath: m_Name
      value: Waypoint (10)
      objectReference: {fileID: 0}
    - target: {fileID: 5252878203054721940, guid: c468b6f9f4bad8649a46104684f548ce, type: 3}
      propertyPath: m_StaticEditorFlags
      value: 4294967295
      objectReference: {fileID: 0}
    - target: {fileID: 8597742909059088869, guid: c468b6f9f4bad8649a46104684f548ce, type: 3}
      propertyPath: m_RootOrder
      value: 10
      objectReference: {fileID: 0}
    - target: {fileID: 8597742909059088869, guid: c468b6f9f4bad8649a46104684f548ce, type: 3}
      propertyPath: m_LocalPosition.x
      value: -2.78
      objectReference: {fileID: 0}
    - target: {fileID: 8597742909059088869, guid: c468b6f9f4bad8649a46104684f548ce, type: 3}
      propertyPath: m_LocalPosition.y
      value: -9.4
      objectReference: {fileID: 0}
    - target: {fileID: 8597742909059088869, guid: c468b6f9f4bad8649a46104684f548ce, type: 3}
      propertyPath: m_LocalPosition.z
      value: 52.62
      objectReference: {fileID: 0}
    - target: {fileID: 8597742909059088869, guid: c468b6f9f4bad8649a46104684f548ce, type: 3}
      propertyPath: m_LocalRotation.w
      value: 1
      objectReference: {fileID: 0}
    - target: {fileID: 8597742909059088869, guid: c468b6f9f4bad8649a46104684f548ce, type: 3}
      propertyPath: m_LocalRotation.x
      value: 0
      objectReference: {fileID: 0}
    - target: {fileID: 8597742909059088869, guid: c468b6f9f4bad8649a46104684f548ce, type: 3}
      propertyPath: m_LocalRotation.y
      value: 0
      objectReference: {fileID: 0}
    - target: {fileID: 8597742909059088869, guid: c468b6f9f4bad8649a46104684f548ce, type: 3}
      propertyPath: m_LocalRotation.z
      value: 0
      objectReference: {fileID: 0}
    - target: {fileID: 8597742909059088869, guid: c468b6f9f4bad8649a46104684f548ce, type: 3}
      propertyPath: m_LocalEulerAnglesHint.x
      value: 0
      objectReference: {fileID: 0}
    - target: {fileID: 8597742909059088869, guid: c468b6f9f4bad8649a46104684f548ce, type: 3}
      propertyPath: m_LocalEulerAnglesHint.y
      value: 0
      objectReference: {fileID: 0}
    - target: {fileID: 8597742909059088869, guid: c468b6f9f4bad8649a46104684f548ce, type: 3}
      propertyPath: m_LocalEulerAnglesHint.z
      value: 0
      objectReference: {fileID: 0}
    m_RemovedComponents: []
  m_SourcePrefab: {fileID: 100100000, guid: c468b6f9f4bad8649a46104684f548ce, type: 3}
--- !u!4 &4678534297119984086 stripped
Transform:
  m_CorrespondingSourceObject: {fileID: 8597742909059088869, guid: c468b6f9f4bad8649a46104684f548ce, type: 3}
  m_PrefabInstance: {fileID: 4016137438212147251}
  m_PrefabAsset: {fileID: 0}
--- !u!1001 &4016137438224255641
PrefabInstance:
  m_ObjectHideFlags: 0
  serializedVersion: 2
  m_Modification:
    m_TransformParent: {fileID: 4016137437831084894}
    m_Modifications:
    - target: {fileID: 5252878203054721940, guid: c468b6f9f4bad8649a46104684f548ce, type: 3}
      propertyPath: m_Name
      value: Waypoint (04)
      objectReference: {fileID: 0}
    - target: {fileID: 5252878203054721940, guid: c468b6f9f4bad8649a46104684f548ce, type: 3}
      propertyPath: m_StaticEditorFlags
      value: 4294967295
      objectReference: {fileID: 0}
    - target: {fileID: 8597742909059088869, guid: c468b6f9f4bad8649a46104684f548ce, type: 3}
      propertyPath: m_RootOrder
      value: 4
      objectReference: {fileID: 0}
    - target: {fileID: 8597742909059088869, guid: c468b6f9f4bad8649a46104684f548ce, type: 3}
      propertyPath: m_LocalPosition.x
      value: -12.460002
      objectReference: {fileID: 0}
    - target: {fileID: 8597742909059088869, guid: c468b6f9f4bad8649a46104684f548ce, type: 3}
      propertyPath: m_LocalPosition.y
      value: -9.101
      objectReference: {fileID: 0}
    - target: {fileID: 8597742909059088869, guid: c468b6f9f4bad8649a46104684f548ce, type: 3}
      propertyPath: m_LocalPosition.z
      value: -15.01
      objectReference: {fileID: 0}
    - target: {fileID: 8597742909059088869, guid: c468b6f9f4bad8649a46104684f548ce, type: 3}
      propertyPath: m_LocalRotation.w
      value: 1
      objectReference: {fileID: 0}
    - target: {fileID: 8597742909059088869, guid: c468b6f9f4bad8649a46104684f548ce, type: 3}
      propertyPath: m_LocalRotation.x
      value: 0
      objectReference: {fileID: 0}
    - target: {fileID: 8597742909059088869, guid: c468b6f9f4bad8649a46104684f548ce, type: 3}
      propertyPath: m_LocalRotation.y
      value: 0
      objectReference: {fileID: 0}
    - target: {fileID: 8597742909059088869, guid: c468b6f9f4bad8649a46104684f548ce, type: 3}
      propertyPath: m_LocalRotation.z
      value: 0
      objectReference: {fileID: 0}
    - target: {fileID: 8597742909059088869, guid: c468b6f9f4bad8649a46104684f548ce, type: 3}
      propertyPath: m_LocalEulerAnglesHint.x
      value: 0
      objectReference: {fileID: 0}
    - target: {fileID: 8597742909059088869, guid: c468b6f9f4bad8649a46104684f548ce, type: 3}
      propertyPath: m_LocalEulerAnglesHint.y
      value: 0
      objectReference: {fileID: 0}
    - target: {fileID: 8597742909059088869, guid: c468b6f9f4bad8649a46104684f548ce, type: 3}
      propertyPath: m_LocalEulerAnglesHint.z
      value: 0
      objectReference: {fileID: 0}
    m_RemovedComponents: []
  m_SourcePrefab: {fileID: 100100000, guid: c468b6f9f4bad8649a46104684f548ce, type: 3}
--- !u!4 &4678534297133042556 stripped
Transform:
  m_CorrespondingSourceObject: {fileID: 8597742909059088869, guid: c468b6f9f4bad8649a46104684f548ce, type: 3}
  m_PrefabInstance: {fileID: 4016137438224255641}
  m_PrefabAsset: {fileID: 0}
--- !u!1001 &4016137438231086299
PrefabInstance:
  m_ObjectHideFlags: 0
  serializedVersion: 2
  m_Modification:
    m_TransformParent: {fileID: 4016137437831084894}
    m_Modifications:
    - target: {fileID: 5252878203054721940, guid: c468b6f9f4bad8649a46104684f548ce, type: 3}
      propertyPath: m_Name
      value: Waypoint (06)
      objectReference: {fileID: 0}
    - target: {fileID: 5252878203054721940, guid: c468b6f9f4bad8649a46104684f548ce, type: 3}
      propertyPath: m_StaticEditorFlags
      value: 4294967295
      objectReference: {fileID: 0}
    - target: {fileID: 8597742909059088869, guid: c468b6f9f4bad8649a46104684f548ce, type: 3}
      propertyPath: m_RootOrder
      value: 6
      objectReference: {fileID: 0}
    - target: {fileID: 8597742909059088869, guid: c468b6f9f4bad8649a46104684f548ce, type: 3}
      propertyPath: m_LocalPosition.x
      value: -13.04
      objectReference: {fileID: 0}
    - target: {fileID: 8597742909059088869, guid: c468b6f9f4bad8649a46104684f548ce, type: 3}
      propertyPath: m_LocalPosition.y
      value: -9.4
      objectReference: {fileID: 0}
    - target: {fileID: 8597742909059088869, guid: c468b6f9f4bad8649a46104684f548ce, type: 3}
      propertyPath: m_LocalPosition.z
      value: 8.45
      objectReference: {fileID: 0}
    - target: {fileID: 8597742909059088869, guid: c468b6f9f4bad8649a46104684f548ce, type: 3}
      propertyPath: m_LocalRotation.w
      value: 1
      objectReference: {fileID: 0}
    - target: {fileID: 8597742909059088869, guid: c468b6f9f4bad8649a46104684f548ce, type: 3}
      propertyPath: m_LocalRotation.x
      value: 0
      objectReference: {fileID: 0}
    - target: {fileID: 8597742909059088869, guid: c468b6f9f4bad8649a46104684f548ce, type: 3}
      propertyPath: m_LocalRotation.y
      value: 0
      objectReference: {fileID: 0}
    - target: {fileID: 8597742909059088869, guid: c468b6f9f4bad8649a46104684f548ce, type: 3}
      propertyPath: m_LocalRotation.z
      value: 0
      objectReference: {fileID: 0}
    - target: {fileID: 8597742909059088869, guid: c468b6f9f4bad8649a46104684f548ce, type: 3}
      propertyPath: m_LocalEulerAnglesHint.x
      value: 0
      objectReference: {fileID: 0}
    - target: {fileID: 8597742909059088869, guid: c468b6f9f4bad8649a46104684f548ce, type: 3}
      propertyPath: m_LocalEulerAnglesHint.y
      value: 0
      objectReference: {fileID: 0}
    - target: {fileID: 8597742909059088869, guid: c468b6f9f4bad8649a46104684f548ce, type: 3}
      propertyPath: m_LocalEulerAnglesHint.z
      value: 0
      objectReference: {fileID: 0}
    m_RemovedComponents: []
  m_SourcePrefab: {fileID: 100100000, guid: c468b6f9f4bad8649a46104684f548ce, type: 3}
--- !u!4 &4678534297138791742 stripped
Transform:
  m_CorrespondingSourceObject: {fileID: 8597742909059088869, guid: c468b6f9f4bad8649a46104684f548ce, type: 3}
  m_PrefabInstance: {fileID: 4016137438231086299}
  m_PrefabAsset: {fileID: 0}
--- !u!1001 &4016137438743713149
PrefabInstance:
  m_ObjectHideFlags: 0
  serializedVersion: 2
  m_Modification:
    m_TransformParent: {fileID: 4016137437831084894}
    m_Modifications:
    - target: {fileID: 5252878203054721940, guid: c468b6f9f4bad8649a46104684f548ce, type: 3}
      propertyPath: m_Name
      value: Waypoint (03)
      objectReference: {fileID: 0}
    - target: {fileID: 5252878203054721940, guid: c468b6f9f4bad8649a46104684f548ce, type: 3}
      propertyPath: m_StaticEditorFlags
      value: 4294967295
      objectReference: {fileID: 0}
    - target: {fileID: 8597742909059088869, guid: c468b6f9f4bad8649a46104684f548ce, type: 3}
      propertyPath: m_RootOrder
      value: 3
      objectReference: {fileID: 0}
    - target: {fileID: 8597742909059088869, guid: c468b6f9f4bad8649a46104684f548ce, type: 3}
      propertyPath: m_LocalPosition.x
      value: -12.57
      objectReference: {fileID: 0}
    - target: {fileID: 8597742909059088869, guid: c468b6f9f4bad8649a46104684f548ce, type: 3}
      propertyPath: m_LocalPosition.y
      value: -8.521
      objectReference: {fileID: 0}
    - target: {fileID: 8597742909059088869, guid: c468b6f9f4bad8649a46104684f548ce, type: 3}
      propertyPath: m_LocalPosition.z
      value: -28.697
      objectReference: {fileID: 0}
    - target: {fileID: 8597742909059088869, guid: c468b6f9f4bad8649a46104684f548ce, type: 3}
      propertyPath: m_LocalRotation.w
      value: 1
      objectReference: {fileID: 0}
    - target: {fileID: 8597742909059088869, guid: c468b6f9f4bad8649a46104684f548ce, type: 3}
      propertyPath: m_LocalRotation.x
      value: 0
      objectReference: {fileID: 0}
    - target: {fileID: 8597742909059088869, guid: c468b6f9f4bad8649a46104684f548ce, type: 3}
      propertyPath: m_LocalRotation.y
      value: 0
      objectReference: {fileID: 0}
    - target: {fileID: 8597742909059088869, guid: c468b6f9f4bad8649a46104684f548ce, type: 3}
      propertyPath: m_LocalRotation.z
      value: 0
      objectReference: {fileID: 0}
    - target: {fileID: 8597742909059088869, guid: c468b6f9f4bad8649a46104684f548ce, type: 3}
      propertyPath: m_LocalEulerAnglesHint.x
      value: 0
      objectReference: {fileID: 0}
    - target: {fileID: 8597742909059088869, guid: c468b6f9f4bad8649a46104684f548ce, type: 3}
      propertyPath: m_LocalEulerAnglesHint.y
      value: 0
      objectReference: {fileID: 0}
    - target: {fileID: 8597742909059088869, guid: c468b6f9f4bad8649a46104684f548ce, type: 3}
      propertyPath: m_LocalEulerAnglesHint.z
      value: 0
      objectReference: {fileID: 0}
    m_RemovedComponents: []
  m_SourcePrefab: {fileID: 100100000, guid: c468b6f9f4bad8649a46104684f548ce, type: 3}
--- !u!4 &4678534296593405080 stripped
Transform:
  m_CorrespondingSourceObject: {fileID: 8597742909059088869, guid: c468b6f9f4bad8649a46104684f548ce, type: 3}
  m_PrefabInstance: {fileID: 4016137438743713149}
  m_PrefabAsset: {fileID: 0}
--- !u!1001 &4016137439059800224
PrefabInstance:
  m_ObjectHideFlags: 0
  serializedVersion: 2
  m_Modification:
    m_TransformParent: {fileID: 4016137437831084894}
    m_Modifications:
    - target: {fileID: 5252878203054721940, guid: c468b6f9f4bad8649a46104684f548ce, type: 3}
      propertyPath: m_Name
      value: Waypoint (09)
      objectReference: {fileID: 0}
    - target: {fileID: 5252878203054721940, guid: c468b6f9f4bad8649a46104684f548ce, type: 3}
      propertyPath: m_StaticEditorFlags
      value: 4294967295
      objectReference: {fileID: 0}
    - target: {fileID: 8597742909059088869, guid: c468b6f9f4bad8649a46104684f548ce, type: 3}
      propertyPath: m_RootOrder
      value: 9
      objectReference: {fileID: 0}
    - target: {fileID: 8597742909059088869, guid: c468b6f9f4bad8649a46104684f548ce, type: 3}
      propertyPath: m_LocalPosition.x
      value: -6.58
      objectReference: {fileID: 0}
    - target: {fileID: 8597742909059088869, guid: c468b6f9f4bad8649a46104684f548ce, type: 3}
      propertyPath: m_LocalPosition.y
      value: -9.4
      objectReference: {fileID: 0}
    - target: {fileID: 8597742909059088869, guid: c468b6f9f4bad8649a46104684f548ce, type: 3}
      propertyPath: m_LocalPosition.z
      value: 48.32
      objectReference: {fileID: 0}
    - target: {fileID: 8597742909059088869, guid: c468b6f9f4bad8649a46104684f548ce, type: 3}
      propertyPath: m_LocalRotation.w
      value: 1
      objectReference: {fileID: 0}
    - target: {fileID: 8597742909059088869, guid: c468b6f9f4bad8649a46104684f548ce, type: 3}
      propertyPath: m_LocalRotation.x
      value: 0
      objectReference: {fileID: 0}
    - target: {fileID: 8597742909059088869, guid: c468b6f9f4bad8649a46104684f548ce, type: 3}
      propertyPath: m_LocalRotation.y
      value: 0
      objectReference: {fileID: 0}
    - target: {fileID: 8597742909059088869, guid: c468b6f9f4bad8649a46104684f548ce, type: 3}
      propertyPath: m_LocalRotation.z
      value: 0
      objectReference: {fileID: 0}
    - target: {fileID: 8597742909059088869, guid: c468b6f9f4bad8649a46104684f548ce, type: 3}
      propertyPath: m_LocalEulerAnglesHint.x
      value: 0
      objectReference: {fileID: 0}
    - target: {fileID: 8597742909059088869, guid: c468b6f9f4bad8649a46104684f548ce, type: 3}
      propertyPath: m_LocalEulerAnglesHint.y
      value: 0
      objectReference: {fileID: 0}
    - target: {fileID: 8597742909059088869, guid: c468b6f9f4bad8649a46104684f548ce, type: 3}
      propertyPath: m_LocalEulerAnglesHint.z
      value: 0
      objectReference: {fileID: 0}
    m_RemovedComponents: []
  m_SourcePrefab: {fileID: 100100000, guid: c468b6f9f4bad8649a46104684f548ce, type: 3}
--- !u!4 &4678534296239583557 stripped
Transform:
  m_CorrespondingSourceObject: {fileID: 8597742909059088869, guid: c468b6f9f4bad8649a46104684f548ce, type: 3}
  m_PrefabInstance: {fileID: 4016137439059800224}
  m_PrefabAsset: {fileID: 0}
--- !u!1001 &4016137439071120366
PrefabInstance:
  m_ObjectHideFlags: 0
  serializedVersion: 2
  m_Modification:
    m_TransformParent: {fileID: 4016137437831084894}
    m_Modifications:
    - target: {fileID: 5252878203054721940, guid: c468b6f9f4bad8649a46104684f548ce, type: 3}
      propertyPath: m_Name
      value: Waypoint (05)
      objectReference: {fileID: 0}
    - target: {fileID: 5252878203054721940, guid: c468b6f9f4bad8649a46104684f548ce, type: 3}
      propertyPath: m_StaticEditorFlags
      value: 4294967295
      objectReference: {fileID: 0}
    - target: {fileID: 8597742909059088869, guid: c468b6f9f4bad8649a46104684f548ce, type: 3}
      propertyPath: m_RootOrder
      value: 5
      objectReference: {fileID: 0}
    - target: {fileID: 8597742909059088869, guid: c468b6f9f4bad8649a46104684f548ce, type: 3}
      propertyPath: m_LocalPosition.x
      value: -12.480002
      objectReference: {fileID: 0}
    - target: {fileID: 8597742909059088869, guid: c468b6f9f4bad8649a46104684f548ce, type: 3}
      propertyPath: m_LocalPosition.y
      value: -8.859
      objectReference: {fileID: 0}
    - target: {fileID: 8597742909059088869, guid: c468b6f9f4bad8649a46104684f548ce, type: 3}
      propertyPath: m_LocalPosition.z
      value: -2.96
      objectReference: {fileID: 0}
    - target: {fileID: 8597742909059088869, guid: c468b6f9f4bad8649a46104684f548ce, type: 3}
      propertyPath: m_LocalRotation.w
      value: 1
      objectReference: {fileID: 0}
    - target: {fileID: 8597742909059088869, guid: c468b6f9f4bad8649a46104684f548ce, type: 3}
      propertyPath: m_LocalRotation.x
      value: 0
      objectReference: {fileID: 0}
    - target: {fileID: 8597742909059088869, guid: c468b6f9f4bad8649a46104684f548ce, type: 3}
      propertyPath: m_LocalRotation.y
      value: 0
      objectReference: {fileID: 0}
    - target: {fileID: 8597742909059088869, guid: c468b6f9f4bad8649a46104684f548ce, type: 3}
      propertyPath: m_LocalRotation.z
      value: 0
      objectReference: {fileID: 0}
    - target: {fileID: 8597742909059088869, guid: c468b6f9f4bad8649a46104684f548ce, type: 3}
      propertyPath: m_LocalEulerAnglesHint.x
      value: 0
      objectReference: {fileID: 0}
    - target: {fileID: 8597742909059088869, guid: c468b6f9f4bad8649a46104684f548ce, type: 3}
      propertyPath: m_LocalEulerAnglesHint.y
      value: 0
      objectReference: {fileID: 0}
    - target: {fileID: 8597742909059088869, guid: c468b6f9f4bad8649a46104684f548ce, type: 3}
      propertyPath: m_LocalEulerAnglesHint.z
      value: 0
      objectReference: {fileID: 0}
    m_RemovedComponents: []
  m_SourcePrefab: {fileID: 100100000, guid: c468b6f9f4bad8649a46104684f548ce, type: 3}
--- !u!4 &4678534296231930379 stripped
Transform:
  m_CorrespondingSourceObject: {fileID: 8597742909059088869, guid: c468b6f9f4bad8649a46104684f548ce, type: 3}
  m_PrefabInstance: {fileID: 4016137439071120366}
  m_PrefabAsset: {fileID: 0}
--- !u!1001 &4016137439248148954
PrefabInstance:
  m_ObjectHideFlags: 0
  serializedVersion: 2
  m_Modification:
    m_TransformParent: {fileID: 4016137437831084894}
    m_Modifications:
    - target: {fileID: 5252878203054721940, guid: c468b6f9f4bad8649a46104684f548ce, type: 3}
      propertyPath: m_Name
      value: Waypoint (02)
      objectReference: {fileID: 0}
    - target: {fileID: 5252878203054721940, guid: c468b6f9f4bad8649a46104684f548ce, type: 3}
      propertyPath: m_StaticEditorFlags
      value: 4294967295
      objectReference: {fileID: 0}
    - target: {fileID: 8597742909059088869, guid: c468b6f9f4bad8649a46104684f548ce, type: 3}
      propertyPath: m_RootOrder
      value: 2
      objectReference: {fileID: 0}
    - target: {fileID: 8597742909059088869, guid: c468b6f9f4bad8649a46104684f548ce, type: 3}
      propertyPath: m_LocalPosition.x
      value: -12.320001
      objectReference: {fileID: 0}
    - target: {fileID: 8597742909059088869, guid: c468b6f9f4bad8649a46104684f548ce, type: 3}
      propertyPath: m_LocalPosition.y
      value: -9.4
      objectReference: {fileID: 0}
    - target: {fileID: 8597742909059088869, guid: c468b6f9f4bad8649a46104684f548ce, type: 3}
      propertyPath: m_LocalPosition.z
      value: -43.12
      objectReference: {fileID: 0}
    - target: {fileID: 8597742909059088869, guid: c468b6f9f4bad8649a46104684f548ce, type: 3}
      propertyPath: m_LocalRotation.w
      value: 1
      objectReference: {fileID: 0}
    - target: {fileID: 8597742909059088869, guid: c468b6f9f4bad8649a46104684f548ce, type: 3}
      propertyPath: m_LocalRotation.x
      value: 0
      objectReference: {fileID: 0}
    - target: {fileID: 8597742909059088869, guid: c468b6f9f4bad8649a46104684f548ce, type: 3}
      propertyPath: m_LocalRotation.y
      value: 0
      objectReference: {fileID: 0}
    - target: {fileID: 8597742909059088869, guid: c468b6f9f4bad8649a46104684f548ce, type: 3}
      propertyPath: m_LocalRotation.z
      value: 0
      objectReference: {fileID: 0}
    - target: {fileID: 8597742909059088869, guid: c468b6f9f4bad8649a46104684f548ce, type: 3}
      propertyPath: m_LocalEulerAnglesHint.x
      value: 0
      objectReference: {fileID: 0}
    - target: {fileID: 8597742909059088869, guid: c468b6f9f4bad8649a46104684f548ce, type: 3}
      propertyPath: m_LocalEulerAnglesHint.y
      value: 0
      objectReference: {fileID: 0}
    - target: {fileID: 8597742909059088869, guid: c468b6f9f4bad8649a46104684f548ce, type: 3}
      propertyPath: m_LocalEulerAnglesHint.z
      value: 0
      objectReference: {fileID: 0}
    m_RemovedComponents: []
  m_SourcePrefab: {fileID: 100100000, guid: c468b6f9f4bad8649a46104684f548ce, type: 3}
--- !u!4 &4678534296142719039 stripped
Transform:
  m_CorrespondingSourceObject: {fileID: 8597742909059088869, guid: c468b6f9f4bad8649a46104684f548ce, type: 3}
  m_PrefabInstance: {fileID: 4016137439248148954}
  m_PrefabAsset: {fileID: 0}
--- !u!1001 &4016137439255213833
PrefabInstance:
  m_ObjectHideFlags: 0
  serializedVersion: 2
  m_Modification:
    m_TransformParent: {fileID: 4016137437831084894}
    m_Modifications:
    - target: {fileID: 5252878203054721940, guid: c468b6f9f4bad8649a46104684f548ce, type: 3}
      propertyPath: m_Name
      value: Waypoint (07)
      objectReference: {fileID: 0}
    - target: {fileID: 5252878203054721940, guid: c468b6f9f4bad8649a46104684f548ce, type: 3}
      propertyPath: m_StaticEditorFlags
      value: 4294967295
      objectReference: {fileID: 0}
    - target: {fileID: 8597742909059088869, guid: c468b6f9f4bad8649a46104684f548ce, type: 3}
      propertyPath: m_RootOrder
      value: 7
      objectReference: {fileID: 0}
    - target: {fileID: 8597742909059088869, guid: c468b6f9f4bad8649a46104684f548ce, type: 3}
      propertyPath: m_LocalPosition.x
      value: -13.58
      objectReference: {fileID: 0}
    - target: {fileID: 8597742909059088869, guid: c468b6f9f4bad8649a46104684f548ce, type: 3}
      propertyPath: m_LocalPosition.y
      value: -9.4
      objectReference: {fileID: 0}
    - target: {fileID: 8597742909059088869, guid: c468b6f9f4bad8649a46104684f548ce, type: 3}
      propertyPath: m_LocalPosition.z
      value: 21.81
      objectReference: {fileID: 0}
    - target: {fileID: 8597742909059088869, guid: c468b6f9f4bad8649a46104684f548ce, type: 3}
      propertyPath: m_LocalRotation.w
      value: 1
      objectReference: {fileID: 0}
    - target: {fileID: 8597742909059088869, guid: c468b6f9f4bad8649a46104684f548ce, type: 3}
      propertyPath: m_LocalRotation.x
      value: 0
      objectReference: {fileID: 0}
    - target: {fileID: 8597742909059088869, guid: c468b6f9f4bad8649a46104684f548ce, type: 3}
      propertyPath: m_LocalRotation.y
      value: 0
      objectReference: {fileID: 0}
    - target: {fileID: 8597742909059088869, guid: c468b6f9f4bad8649a46104684f548ce, type: 3}
      propertyPath: m_LocalRotation.z
      value: 0
      objectReference: {fileID: 0}
    - target: {fileID: 8597742909059088869, guid: c468b6f9f4bad8649a46104684f548ce, type: 3}
      propertyPath: m_LocalEulerAnglesHint.x
      value: 0
      objectReference: {fileID: 0}
    - target: {fileID: 8597742909059088869, guid: c468b6f9f4bad8649a46104684f548ce, type: 3}
      propertyPath: m_LocalEulerAnglesHint.y
      value: 0
      objectReference: {fileID: 0}
    - target: {fileID: 8597742909059088869, guid: c468b6f9f4bad8649a46104684f548ce, type: 3}
      propertyPath: m_LocalEulerAnglesHint.z
      value: 0
      objectReference: {fileID: 0}
    m_RemovedComponents: []
  m_SourcePrefab: {fileID: 100100000, guid: c468b6f9f4bad8649a46104684f548ce, type: 3}
--- !u!4 &4678534296148768492 stripped
Transform:
  m_CorrespondingSourceObject: {fileID: 8597742909059088869, guid: c468b6f9f4bad8649a46104684f548ce, type: 3}
  m_PrefabInstance: {fileID: 4016137439255213833}
  m_PrefabAsset: {fileID: 0}
